<record><leader>00000cas a22000007a 4500</leader><controlfield tag="001">13754433</controlfield><controlfield tag="008">860620d19051947nvuwr ne      0    0eng d</controlfield><controlfield tag="009">6540</controlfield><datafield ind1=" " ind2=" " tag="010"><subfield code="a">sn 86076141 </subfield></datafield><datafield ind1=" " ind2=" " tag="040"><subfield code="a">NNX</subfield><subfield code="b">eng</subfield><subfield code="c">NNX</subfield><subfield code="d">DLC</subfield></datafield><datafield ind1="1" ind2=" " tag="029"><subfield code="a">AU@</subfield><subfield code="b">000025804608</subfield></datafield><datafield ind1=" " ind2=" " tag="042"><subfield code="a">msc</subfield></datafield><datafield ind1="0" ind2="0" tag="050"><subfield code="a">Newspaper 8688-X</subfield></datafield><datafield ind1="0" ind2="0" tag="245"><subfield code="a">Las Vegas age.</subfield></datafield><datafield ind1=" " ind2=" " tag="260"><subfield code="a">Las Vegas, Nev. :</subfield><subfield code="b">C.W. Nicklin,</subfield><subfield code="c">1905-1947.</subfield></datafield><datafield ind1=" " ind2=" " tag="300"><subfield code="a">43 v. :</subfield><subfield code="b">ill. ;</subfield><subfield code="c">56 cm.</subfield></datafield><datafield ind1=" " ind2=" " tag="310"><subfield code="a">Weekly</subfield><subfield code="b">Jan. 6, 1934-Nov. 30, 1947</subfield></datafield><datafield ind1=" " ind2=" " tag="321"><subfield code="a">Frequency varies.</subfield></datafield><datafield ind1="0" ind2=" " tag="362"><subfield code="a">Vol. 1, no. 1 (Apr. 7, 1905)-v. 43, no. 44 (Nov. 30, 1947).</subfield></datafield><datafield ind1=" " ind2=" " tag="500"><subfield code="a">"Republican."</subfield></datafield><datafield ind1=" " ind2=" " tag="500"><subfield code="a">Publisher: July 1, 1905-June 13, 1908, T.T. Nicklin; June 20, 1908-Nov. 30, 1947, C.P. Squires.</subfield></datafield><datafield ind1=" " ind2=" " tag="525"><subfield code="a">Supplements accompany some issues.</subfield></datafield><datafield ind1=" " ind2=" " tag="530"><subfield code="a">Also available on microfilm from Bay Microfilm.</subfield></datafield><datafield ind1=" " ind2=" " tag="580"><subfield code="a">Includes: Boulder City age, May 14, 1932-&lt;1933&gt;.</subfield></datafield><datafield ind1=" " ind2=" " tag="752"><subfield code="a">United States</subfield><subfield code="b">Nevada</subfield><subfield code="c">Clark</subfield><subfield code="d">Las Vegas.</subfield></datafield><datafield ind1=" " ind2=" " tag="752"><subfield code="a">United States</subfield><subfield code="b">Nevada</subfield><subfield code="c">Lincoln</subfield><subfield code="d">Las Vegas.</subfield></datafield><datafield ind1="1" ind2=" " tag="787"><subfield code="t">Boulder City age</subfield><subfield code="w">(DLC)sn 86076130</subfield></datafield></record>